<?xml version="1.0" encoding="UTF-8"?><collection xmlns="http://www.loc.gov/MARC21/slim"><record><leader>00394nam--2200157-i-4500</leader><controlfield tag="001">000030366</controlfield><controlfield tag="002">20161230</controlfield><controlfield tag="005">20161230201038</controlfield><controlfield tag="008">060222s1000------------r-----000-0-rum-d</controlfield><datafield ind1=" " ind2=" " tag="040"><subfield code="a">rum</subfield></datafield><datafield ind1="1" ind2=" " tag="100"><subfield code="a">Manea, Constantin</subfield></datafield><datafield ind1="1" ind2="0" tag="245"><subfield code="a">Unitati de masura</subfield><subfield code="c">Constantin Manea</subfield></datafield><datafield ind1=" " ind2=" " tag="260"><subfield code="a">Bucuresti, Editura Militara, 1965,</subfield></datafield><datafield ind1=" " ind2=" " tag="300"><subfield code="a">214P</subfield></datafield><datafield ind1=" " ind2=" " tag="852"><subfield code="a">22941</subfield><subfield code="c">531.7</subfield></datafield><datafield ind1=" " ind2=" " tag="CAT"><subfield code="a">Sys</subfield><subfield code="c">20100709</subfield><subfield code="h">123540</subfield></datafield></record></collection>